% Encoding: UTF-8

@Book{book1_pp48_49,
  title     = {Digital Signal Processing: A Practical Approach},
  publisher = {Prentice Hall},
  year      = {1993},
  author    = {Emmanuel Ifeachor and Barrie Jervis},
  editor    = {Addison-Wesley},
  pages     = {48, 49},
}

@Book{book1_pp49,
  title     = {Digital Signal Processing: A Practical Approach},
  publisher = {Prentice Hall},
  year      = {1993},
  author    = {Emmanuel Ifeachor and Barrie Jervis},
  editor    = {Addison-Wesley},
  pages     = {49},
}

@Book{book1_pp54_55,
  title     = {Digital Signal Processing: A Practical Approach},
  publisher = {Prentice Hall},
  year      = {1993},
  author    = {Emmanuel Ifeachor and Barrie Jervis},
  editor    = {Addison-Wesley},
  pages     = {54, 55},
}

@Book{book1_pp55_56,
  title     = {Digital Signal Processing: A Practical Approach},
  publisher = {Prentice Hall},
  year      = {1993},
  author    = {Emmanuel Ifeachor and Barrie Jervis},
  editor    = {Addison-Wesley},
  pages     = {55, 56},
}

@Book{book1_pp56_57,
  title     = {Digital Signal Processing: A Practical Approach},
  publisher = {Prentice Hall},
  year      = {1993},
  author    = {Emmanuel Ifeachor and Barrie Jervis},
  editor    = {Addison-Wesley},
  pages     = {56, 57},
}

@Book{book1_pp58,
  title     = {Digital Signal Processing: A Practical Approach},
  publisher = {Prentice Hall},
  year      = {1993},
  author    = {Emmanuel Ifeachor and Barrie Jervis},
  editor    = {Addison-Wesley},
  pages     = {58},
}

@Book{book1_pp56_60,
  title     = {Digital Signal Processing: A Practical Approach},
  publisher = {Prentice Hall},
  year      = {1993},
  author    = {Emmanuel Ifeachor and Barrie Jervis},
  editor    = {Addison-Wesley},
  pages     = {56, 60},
}

@Book{book1_pp62_64,
  title     = {Digital Signal Processing: A Practical Approach},
  publisher = {Prentice Hall},
  year      = {1993},
  author    = {Emmanuel Ifeachor and Barrie Jervis},
  editor    = {Addison-Wesley},
  pages     = {62, 64},
}

@Book{book1_pp184_186,
  title     = {Digital Signal Processing: A Practical Approach},
  publisher = {Prentice Hall},
  year      = {1993},
  author    = {Emmanuel Ifeachor and Barrie Jervis},
  editor    = {Addison-Wesley},
  pages     = {184, 186},
}

@Book{book2_pp50,
  title     = {Understanding Digital Signal Processing},
  publisher = {Prentice Hall},
  year      = {1996},
  author    = {Richard G. Lyons},
  pages     = {50},
}

@Book{book2_pp53,
  title     = {Understanding Digital Signal Processing},
  publisher = {Prentice Hall},
  year      = {1996},
  author    = {Richard G. Lyons},
  pages     = {53},
}

@Book{book2_pp54_63,
  title     = {Understanding Digital Signal Processing},
  publisher = {Prentice Hall},
  year      = {1996},
  author    = {Richard G. Lyons},
  pages     = {54-63},
}

@Book{book2_pp71_80,
  title     = {Understanding Digital Signal Processing},
  publisher = {Prentice Hall},
  year      = {1996},
  author    = {Richard G. Lyons},
  pages     = {71-80},
}

@Book{book2_pp80_81,
  title     = {Understanding Digital Signal Processing},
  publisher = {Prentice Hall},
  year      = {1996},
  author    = {Richard G. Lyons},
  pages     = {80-81},
}

@Article{window_welch,
	title = {Spectrum and spectral density estimation by the Discrete Fourier transform (DFT), including a comprehensive list of window functions and some new flat-top windows.},
	year = {2002},
	author = {Heinzel. G. and R{\"u}diger, A. and Schilling, R.},
	url = "http://edoc.mpg.de/395068"
}

@BOOK{SASPWEB2011,
	AUTHOR = "Julius O. Smith",
	TITLE = "Spectral Audio Signal Processing",
	PUBLISHER = "{http://ccrma.stanford.edu/~jos/sasp/}\texttt{//\-ccrma.stanford.edu/\-\~{}jos/\-sasp/}",
	YEAR = "accessed 11 December 2017",
    NOTE = "online book, 2011 edition"
}