% Encoding: UTF-8

@Book{book1_pp28,
  title     = {Satellite Networking: Principles and Protocols},
  publisher = {Wiley-Blackwell},
  year      = {2005},
  author    = {Zhili Sun},
  editor    = {John Wiley \& Sons},
  pages     = {28},
}

@Book{book1_pp30,
  title     = {Satellite Networking: Principles and Protocols},
  publisher = {Wiley-Blackwell},
  year      = {2005},
  author    = {Zhili Sun},
  editor    = {John Wiley \& Sons},
  pages     = {30},
}

@Book{book1_pp86,
  title     = {Satellite Networking: Principles and Protocols},
  publisher = {Wiley-Blackwell},
  year      = {2005},
  author    = {Zhili Sun},
  editor    = {John Wiley \& Sons},
  pages     = {86},
}

@Book{book1_pp87,
  title     = {Satellite Networking: Principles and Protocols},
  publisher = {Wiley-Blackwell},
  year      = {2005},
  author    = {Zhili Sun},
  editor    = {John Wiley \& Sons},
  pages     = {87},
}

@Book{book1_pp269,
  title     = {Satellite Networking: Principles and Protocols},
  publisher = {Wiley-Blackwell},
  year      = {2005},
  author    = {Zhili Sun},
  editor    = {John Wiley \& Sons},
  pages     = {269},
}

@Book{book2_pp355,
  title     = {Satellite Communications Systems: Systems, Techniques and Technology},
  publisher = {Wiley-Blackwell},
  year      = {2009},
  author    = {Gerard Maral and Michel Bousquet and Zhili Sun},
  pages     = {355},
}